% HOWTO: pdflatex 0.tex;biber 0;pdflatex 0.tex # pdfTeX 3.14159265-2.6-1.40.19 (TeX Live 2018)

@InProceedings{ prabhu_ramachandran_pysph-proc-scipy-2016,
  author    = { {P}rabhu {R}amachandran },
  title     = { {P}y{S}{P}{H}: a reproducible and high-performance framework for smoothed particle hydrodynamics },
  booktitle = { {P}roceedings of the 15th {P}ython in {S}cience {C}onference },
  pages     = { 122 - 129 },
  year      = { 2016 },
  editor    = { {S}ebastian {B}enthall and {S}cott {R}ostrup },
  doi       = { 10.25080/Majora-629e541a-011 }
}

@online{nersc_profiling_python,
  author = {Laurie Stephey},
  title = {NERSC Documentation: Profiling Python},
  year = 2018,
  url = {https://docs.nersc.gov/development/high-level-environments/python/profiling-python/},
%  urldate = {2010-09-30}
}

@online{cscs_profiling_tools,
  author = {Jg. Piccinali},
  title = {CSCS User Portal: Performance tools},
  year = 2018,
  url = {https://user.cscs.ch/computing/analysis/#performance-tools},
%  urldate = {2010-09-30}
}
